{
  "leader": "04829cam a2200577 a 4500",
  "fields": [
    {
      "001": "ocm09635335\\"
    },
    {
      "003": "OCoLC"
    },
    {
      "005": "20230127100216.0"
    },
    {
      "008": "931209m19271931nyuab\\\\\\\\b\\\\\\\\001\\0\\eng\\\\"
    },
    {
      "010": {
        "ind1": "\\",
        "ind2": "\\",
        "subfields": [
          {
            "a": "   28009251 "
          },
          {
            "z": "cd 29000006 "
          },
          {
            "z": "cd 29000007 "
          },
          {
            "z": "   29006555 "
          },
          {
            "z": "   28001274 "
          },
          {
            "z": "   28013547 "
          },
          {
            "z": "   28019540 "
          },
          {
            "z": "   31006449 "
          },
          {
            "z": "   29024593 "
          },
          {
            "z": "   29012433 "
          }
        ]
      }
    },
    {
      "019": {
        "ind1": "\\",
        "ind2": "\\",
        "subfields": [
          {
            "a": "44780089"
          }
        ]
      }
    },
    {
      "035": {
        "ind1": "\\",
        "ind2": "\\",
        "subfields": [
          {
            "a": "(OCoLC)9635335"
          },
          {
            "z": "(OCoLC)44780089"
          }
        ]
      }
    },
    {
      "040": {
        "ind1": "\\",
        "ind2": "\\",
        "subfields": [
          {
            "a": "DLC"
          },
          {
            "b": "eng"
          },
          {
            "c": "DLC"
          },
          {
            "d": "OBE"
          },
          {
            "d": "OCLCQ"
          },
          {
            "d": "OCLCO"
          },
          {
            "d": "OCLCF"
          },
          {
            "d": "OCLCQ"
          },
          {
            "d": "OCLCO"
          }
        ]
      }
    },
    {
      "043": {
        "ind1": "\\",
        "ind2": "\\",
        "subfields": [
          {
            "a": "n-us-ny"
          }
        ]
      }
    },
    {
      "050": {
        "ind1": "0",
        "ind2": "0",
        "subfields": [
          {
            "a": "HC108.N7"
          },
          {
            "b": "R46 1927"
          }
        ]
      }
    },
    {
      "051": {
        "ind1": "\\",
        "ind2": "\\",
        "subfields": [
          {
            "a": "Microfilm 4378 HC"
          },
          {
            "c": "Microfilm of v. 1."
          }
        ]
      }
    },
    {
      "082": {
        "ind1": "0",
        "ind2": "4",
        "subfields": [
          {
            "a": "330.97471043"
          },
          {
            "b": "REG"
          }
        ]
      }
    },
    {
      "245": {
        "ind1": "0",
        "ind2": "0",
        "subfields": [
          {
            "a": "Regional survey of New York and its environs."
          }
        ]
      }
    },
    {
      "260": {
        "ind1": "\\",
        "ind2": "\\",
        "subfields": [
          {
            "a": "New York :"
          },
          {
            "b": "Regional Plan of New York and Its Environs,"
          },
          {
            "c": "1927-1931."
          }
        ]
      }
    },
    {
      "300": {
        "ind1": "\\",
        "ind2": "\\",
        "subfields": [
          {
            "a": "10 volumes :"
          },
          {
            "b": "illustrations, maps ;"
          },
          {
            "c": "29 cm"
          }
        ]
      }
    },
    {
      "336": {
        "ind1": "\\",
        "ind2": "\\",
        "subfields": [
          {
            "a": "text"
          },
          {
            "b": "txt"
          },
          {
            "2": "rdacontent"
          }
        ]
      }
    },
    {
      "337": {
        "ind1": "\\",
        "ind2": "\\",
        "subfields": [
          {
            "a": "unmediated"
          },
          {
            "b": "n"
          },
          {
            "2": "rdamedia"
          }
        ]
      }
    },
    {
      "338": {
        "ind1": "\\",
        "ind2": "\\",
        "subfields": [
          {
            "a": "volume"
          },
          {
            "b": "nc"
          },
          {
            "2": "rdacarrier"
          }
        ]
      }
    },
    {
      "500": {
        "ind1": "\\",
        "ind2": "\\",
        "subfields": [
          {
            "a": "Half title: Regional survey of New York and its environs."
          }
        ]
      }
    },
    {
      "500": {
        "ind1": "\\",
        "ind2": "\\",
        "subfields": [
          {
            "a": "Vol. 1A is a reissue in combined form of monographs 1-2, 4-6 and v. 1B is a reissue in combined form of monographs 3, 7-12 in the series: Regional plan of New York and its environs. Economic and instustrial survey ... Economic series."
          }
        ]
      }
    },
    {
      "500": {
        "ind1": "\\",
        "ind2": "\\",
        "subfields": [
          {
            "a": "Vol. 2, Part 2, Land values, \"is a reprint with revisions of Monograph number 3 of the Engineering series, published in 1927\"--Foreword."
          }
        ]
      }
    },
    {
      "500": {
        "ind1": "\\",
        "ind2": "\\",
        "subfields": [
          {
            "a": "Vol. 3 is a revised edition of \"Highway traffic in New York and its environs,\" published, 1925, as monograph no. 1 of the Engineering series of the Regional plan of New York and its environs."
          }
        ]
      }
    },
    {
      "500": {
        "ind1": "\\",
        "ind2": "\\",
        "subfields": [
          {
            "a": "Vol. 4, Part 1, is a revised edition of \"The transit and transportation problem,\" published, 1926, as monograph no. 2 of the Engineering series of the Regional plan of New York and its environs."
          }
        ]
      }
    },
    {
      "504": {
        "ind1": "\\",
        "ind2": "\\",
        "subfields": [
          {
            "a": "Includes bibliographical references and indexes."
          }
        ]
      }
    },
    {
      "505": {
        "ind1": "0",
        "ind2": "\\",
        "subfields": [
          {
            "a": "v. 1. Major economic factors in metropolitan growth and arrangement / by Robert Murray Haig in consultation with Roswell C. McCrea -- v. 1A. Chemical, metal, wood, tobacco, and printing industries -- v. 1B. Food, clothing, and textile industries, wholesale markets, and retail shopping and financial districts -- v. 2. Population, land values, and government / prepared by Thomas Adams [and others] -- v. 3. Highway traffic / by Harold M. Lewis in consultation with Ernest P. Goodrich ; including a program by Nelson P. Lewis, for a study of all communication facilities within the region of New York and its environs -- v. 4. Transit and transportation, and a study of port and industrial areas and their relation to transportation / by Harold M. Lewis with supplementary reports by William J. Wilgus and Daniel L. Turner -- v. 5. Public recreation / by Lee F. Hanmer [and others] -- v. 6. Buildings--their uses and the spaces about them, comprising three monographs: The character, bulk & surroundings of buildings / by Thomas Adams. Housing conditions in the New York region / by Thomas Adams, in collaboration with Wayne D. Heydecker. Control of building heights, densities, and uses by zoning / by Edward M. Bassett, assisted by Harold M. Lewis, Lawrence M. Orton -- v. 7. Neighborhood and community planning comprising three monographs: The neighborhood unit / by Clarence Arthur Parry. Sunlight & daylight for urban areas / by Wayne D. Heydecker, in collaboration with Ernest P. Goodrich. Problems of planning unbuilt areas / by Thomas Adams, Edward M. Bassett, Robert Whitten -- v. 8. Physical conditions and public services / by Harold M. Lewis [and others] including A review of earlier planning efforts, by Henry James, and Some concluding observations on the Regional survey, by Thomas Adams."
          }
        ]
      }
    },
    {
      "651": {
        "ind1": "\\",
        "ind2": "0",
        "subfields": [
          {
            "a": "New York (N.Y.)"
          },
          {
            "x": "Economic conditions."
          }
        ]
      }
    },
    {
      "650": {
        "ind1": "\\",
        "ind2": "0",
        "subfields": [
          {
            "a": "Infrastructure (Economics)"
          },
          {
            "z": "New York (State)"
          },
          {
            "z": "New York."
          }
        ]
      }
    },
    {
      "650": {
        "ind1": "\\",
        "ind2": "0",
        "subfields": [
          {
            "a": "Public works"
          },
          {
            "z": "New York (State)"
          },
          {
            "z": "New York."
          }
        ]
      }
    },
    {
      "650": {
        "ind1": "\\",
        "ind2": "0",
        "subfields": [
          {
            "a": "City planning"
          },
          {
            "z": "New York (State)"
          },
          {
            "z": "New York."
          }
        ]
      }
    },
    {
      "650": {
        "ind1": "\\",
        "ind2": "7",
        "subfields": [
          {
            "a": "City planning."
          },
          {
            "2": "fast"
          },
          {
            "0": "(OCoLC)fst00862177"
          }
        ]
      }
    },
    {
      "650": {
        "ind1": "\\",
        "ind2": "7",
        "subfields": [
          {
            "a": "Economic history."
          },
          {
            "2": "fast"
          },
          {
            "0": "(OCoLC)fst00901974"
          }
        ]
      }
    },
    {
      "650": {
        "ind1": "\\",
        "ind2": "7",
        "subfields": [
          {
            "a": "Infrastructure (Economics)"
          },
          {
            "2": "fast"
          },
          {
            "0": "(OCoLC)fst00973275"
          }
        ]
      }
    },
    {
      "650": {
        "ind1": "\\",
        "ind2": "7",
        "subfields": [
          {
            "a": "Public works."
          },
          {
            "2": "fast"
          },
          {
            "0": "(OCoLC)fst01083369"
          }
        ]
      }
    },
    {
      "651": {
        "ind1": "\\",
        "ind2": "7",
        "subfields": [
          {
            "a": "New York (State)"
          },
          {
            "z": "New York."
          },
          {
            "2": "fast"
          },
          {
            "0": "(OCoLC)fst01204333"
          }
        ]
      }
    },
    {
      "710": {
        "ind1": "2",
        "ind2": "\\",
        "subfields": [
          {
            "a": "Regional Plan of New York and Its Environs."
          }
        ]
      }
    },
    {
      "776": {
        "ind1": "0",
        "ind2": "8",
        "subfields": [
          {
            "i": "Online version:"
          },
          {
            "t": "Regional survey."
          },
          {
            "d": "New York : Regional Plan of New York and Its Environs, 1927-1931"
          },
          {
            "w": "(OCoLC)760121490"
          }
        ]
      }
    },
    {
      "948": {
        "ind1": "\\",
        "ind2": "\\",
        "subfields": [
          {
            "h": "NO HOLDINGS IN NYRVC - 22 OTHER HOLDINGS"
          }
        ]
      }
    },
    {
      "994": {
        "ind1": "\\",
        "ind2": "\\",
        "subfields": [
          {
            "a": "Z0"
          },
          {
            "b": "NYRVC"
          }
        ]
      }
    },
    {
      "999": {
        "ind1": "\\",
        "ind2": "\\",
        "subfields": [
          {
            "a": "00000000011095"
          },
          {
            "v": "v. 1"
          }
        ]
      }
    },
    {
      "999": {
        "ind1": "\\",
        "ind2": "\\",
        "subfields": [
          {
            "a": "00000000011099"
          },
          {
            "v": "v. 2"
          }
        ]
      }
    },
    {
      "999": {
        "ind1": "\\",
        "ind2": "\\",
        "subfields": [
          {
            "a": "00000000011103"
          },
          {
            "v": "v. 3"
          }
        ]
      }
    },
    {
      "999": {
        "ind1": "\\",
        "ind2": "\\",
        "subfields": [
          {
            "a": "00000000011107"
          },
          {
            "v": "v. 4"
          }
        ]
      }
    },
    {
      "999": {
        "ind1": "\\",
        "ind2": "\\",
        "subfields": [
          {
            "a": "00000000011111"
          },
          {
            "v": "v. 5"
          }
        ]
      }
    },
    {
      "999": {
        "ind1": "\\",
        "ind2": "\\",
        "subfields": [
          {
            "a": "00000000011115"
          },
          {
            "v": "v. 6"
          }
        ]
      }
    },
    {
      "999": {
        "ind1": "\\",
        "ind2": "\\",
        "subfields": [
          {
            "a": "00000000011123"
          },
          {
            "v": "v. 7"
          }
        ]
      }
    },
    {
      "999": {
        "ind1": "\\",
        "ind2": "\\",
        "subfields": [
          {
            "a": "00000000011119"
          },
          {
            "v": "v. 8"
          }
        ]
      }
    }
  ]
}